@inproceedings{aggarwal2018new,
  title={A new public-key cryptosystem via Mersenne numbers},
  author={Aggarwal, Divesh and Joux, Antoine and Prakash, Anupam and Santha, Miklos},
  booktitle={Annual International Cryptology Conference},
  pages={459--482},
  year={2018},
  organization={Springer}
}
@inproceedings{shor1994algorithms,
  title={Algorithms for quantum computation: Discrete logarithms and factoring},
  author={Shor, Peter W},
  booktitle={Proceedings 35th annual symposium on foundations of computer science},
  pages={124--134},
  year={1994},
  organization={Ieee}
}
@article{regev2009lattices,
  title={On lattices, learning with errors, random linear codes, and cryptography},
  author={Regev, Oded},
  journal={Journal of the ACM (JACM)},
  volume={56},
  number={6},
  pages={34},
  year={2009},
  publisher={ACM}
}
@InProceedings{10.1007/3-540-13883-8_89,
author="Gupta, P.
and Bhattacharjee, G. P.",
editor="Joseph, Mathai
and Shyamasundar, Rudrapatna",
title="An efficient algorithm for random sampling without replacement",
booktitle="Foundations of Software Technology and Theoretical Computer Science",
year="1984",
publisher="Springer Berlin Heidelberg",
address="Berlin, Heidelberg",
pages="435--442",
abstract="An algorithm for drawing a random sample of size M from the population of size N (M≤N) has been proposed. The algorithm has the time complexity of MIN {\{}O(Mlog2M), O[(N−M)log2(N−M)]{\}} and the space complexity of O(M).",
isbn="978-3-540-39087-9"
}
@article{schonhage1971schnelle,
  title={Schnelle multiplikation grosser zahlen},
  author={Sch{\"o}nhage, Arnold and Strassen, Volker},
  journal={Computing},
  volume={7},
  number={3-4},
  pages={281--292},
  year={1971},
  publisher={Springer}
}
@misc{nielsen2002quantum,
  title={Quantum computation and quantum information},
  author={Nielsen, Michael A and Chuang, Isaac},
  year={2002},
  publisher={AAPT}
}
@article{wang2010hidden,
  title={The hidden subgroup problem},
  author={Wang, Fr{\'e}d{\'e}ric},
  journal={arXiv preprint arXiv:1008.0010},
  year={2010}
}
@misc{sloane2008line,
  title={The on-line encyclopedia of integer sequences},
  author={Sloane, Neil JA and others},
  year={2008}
}
@article{samorodnitsky1991probability,
  title={Probability tails of Gaussian extrema},
  author={Samorodnitsky, Gennady},
  journal={Stochastic processes and their applications},
  volume={38},
  number={1},
  pages={55--84},
  year={1991},
  publisher={Elsevier}
}
@article{chor1988unbiased,
  title={Unbiased bits from sources of weak randomness and probabilistic communication complexity},
  author={Chor, Benny and Goldreich, Oded},
  journal={SIAM Journal on Computing},
  volume={17},
  number={2},
  pages={230--261},
  year={1988},
  publisher={SIAM}
}
@inproceedings{dziembowski2011leakage,
  title={Leakage-resilient cryptography from the inner-product extractor},
  author={Dziembowski, Stefan and Faust, Sebastian},
  booktitle={International Conference on the Theory and Application of Cryptology and Information Security},
  pages={702--721},
  year={2011},
  organization={Springer}
}
